
@Misc{one,
  OPTkey =       {},
  OPTauthor =    {},
  OPTtitle =     {},
  OPThowpublished = {},
  OPTmonth =     {},
  OPTyear =      {},
  note =      {you need one citation},
  OPTannote =    {}
}

