% This file was created with CloudStack
% Encoding: UTF-8
